@article{ovs,
  title={Functional maps: a flexible representation of maps between shapes},
  author={Ovsjanikov, Maks and Ben-Chen, Mirela and Solomon, Justin and Butscher, Adrian and Guibas, Leonidas},
  journal={ACM Transactions on Graphics (TOG)},
  volume={31},
  number={4},
  pages={30},
  year={2012},
  publisher={ACM}
}
@INPROCEEDINGS{Skraba, 
author={Skraba, P. and Ovsjanikov, M. and Chazal, F. and Guibas, L.}, 
booktitle={Computer Vision and Pattern Recognition Workshops (CVPRW), 2010 IEEE Computer Society Conference on}, 
title={Persistence-based segmentation of deformable shapes}, 
year={2010}, 
month={June}, 
pages={45-52}, 
keywords={image segmentation;pattern clustering;shape recognition;curvature function;deformable shapes;heat kernel signature;isometry invariant mesh segmentation algorithm;near isometric deformations;persistence based clustering;persistence based segmentation;Computer science;Functional programming;High definition video;Image converters;Optimization methods;Printing;Quadratic programming;Shape;Video on demand}, 
doi={10.1109/CVPRW.2010.5543285}, 
ISSN={2160-7508},}

@article{pokrass2013sparse,
  title={Sparse modeling of intrinsic correspondences},
  author={Pokrass, Jonathan and Bronstein, Alexander M and Bronstein, Michael M and Sprechmann, Pablo and Sapiro, Guillermo},
  journal={Computer Graphics Forum},
  volume={32},
  number={2pt4},
  pages={459--468},
  year={2013},
  publisher={Wiley Online Library}
}

@article{pokrass2013partial,
  title={Partial Shape Matching Without Point-Wise Correspondence.},
  author={Pokrass, Jonathan and Bronstein, Alexander M and Bronstein, Michael M},
  journal={Numerical Mathematics: Theory, Methods \& Applications},
  volume={6},
  number={1},
  year={2013}
}

@incollection{pokrass2012correspondence,
  title={A correspondence-less approach to matching of deformable shapes},
  author={Pokrass, Jonathan and Bronstein, Alexander M and Bronstein, Michael M},
  booktitle={Scale Space and Variational Methods in Computer Vision},
  pages={592--603},
  year={2012},
  publisher={Springer}
}

